% This file was created with JabRef 2.9.2.
% Encoding: UTF-8

@ARTICLE{Arslan1996353,
  author = {Levent M. Arslan and John H.L. Hansen},
  title = {Language accent classification in American English },
  journal = {Speech Communication },
  year = {1996},
  volume = {18},
  pages = {353 - 367},
  number = {4},
  doi = {http://dx.doi.org/10.1016/0167-6393(96)00024-6},
  issn = {0167-6393},
  keywords = {Accent analysis},
  owner = {jrouly},
  timestamp = {2014.03.23},
  url = {http://www.sciencedirect.com/science/article/pii/0167639396000246}
}

@INPROCEEDINGS{choueiter2008empirical,
  author = {Choueiter, Ghinwa and Zweig, Geoffrey and Nguyen, Patrick},
  title = {An empirical study of automatic accent classification},
  booktitle = {Acoustics, Speech and Signal Processing, 2008. ICASSP 2008. IEEE
	International Conference on},
  year = {2008},
  pages = {4265--4268},
  organization = {IEEE},
  owner = {jrouly},
  timestamp = {2014.03.18}
}

@INPROCEEDINGS{shriberg2004direct,
  author = {Shriberg, Elizabeth and Stolcke, Andreas},
  title = {Direct modeling of prosody: An overview of applications in automatic
	speech processing},
  booktitle = {Speech Prosody 2004, International Conference},
  year = {2004},
  owner = {jrouly},
  timestamp = {2014.03.23}
}

