@incollection{santos2009,
year={2009},
isbn={978-3-642-04276-8},
booktitle={Artificial Neural Networks â€“ ICANN 2009},
volume={5769},
series={Lecture Notes in Computer Science},
editor={Alippi, Cesare and Polycarpou, Marios and Panayiotou, Christos and Ellinas, Georgios},
doi={10.1007/978-3-642-04277-5_18},
title={On the Use of the Adjusted Rand Index as a Metric for Evaluating Supervised Classification},
url={http://dx.doi.org/10.1007/978-3-642-04277-5_18},
publisher={Springer Berlin Heidelberg},
author={Santos, JorgeM. and Embrechts, Mark},
pages={175-184}
}
